@book{lawler,
   editor={Lawler, Eugene L.},
   title={The traveling salesman problem},
   address={Chichester [u.a.]},
   publisher={Wiley},
   year={1985},
   ISBN={0471904139},
   series={Wiley interscience series in discrete mathematics},
   pages={ : Ill., graph. Darst.},
}
@phdthesis {noschinski,
	author = "Noschinski, Lars",
	title = "Formalizing Graph Theory and Planarity Certificates",
	type = "Dissertation",
	school = "Technische Universität München",
	address = "München",
	year = 2016
}
