
% generated from ub.tum.de, adjusted.
@book{lawler,
	author= "D. S. Johnson and C.H.Papadimitriou",
   editor={Lawler, Eugene L.},
   title={The traveling salesman problem},
   publisher={John Wiley \& Sons},
   year={1985},
   ISBN={0471904139},
   series={Wiley interscience series in discrete mathematics},
   pages={152  -- 155}, % chaper 5, "Performance guarantees for heuristics" is 145 -- 180
}
@phdthesis {noschinski,
	author = "Noschinski, Lars",
	title = "Formalizing Graph Theory and Planarity Certificates",
	type = "Dissertation",
	school = "Technische Universität München",
	address = "München",
	year = 2016
}
